@article{electrondepth,
  title={Calculations of electron inelastic mean free paths for 31 materials},
  author={Tanuma, Shigeo and Powell, Cedric J and Penn, David R},
  journal={Surface and Interface Analysis},
  volume={11},
  number={11},
  pages={577--589},
  year={1988},
  publisher={Wiley Online Library}
}