@article{pendry1981theory,
  title={Theory of inverse photoemission},
  author={Pendry, JB},
  journal={Journal of Physics C: Solid State Physics},
  volume={14},
  number={9},
  pages={1381},
  year={1981},
  publisher={IOP Publishing}
}
@article{funnemann198610,
  title={10 eV photon detector for inverse photoemission},
  author={Funnemann, D and Merz, H},
  journal={Journal of Physics E: Scientific Instruments},
  volume={19},
  number={7},
  pages={554},
  year={1986},
  publisher={IOP Publishing}
}
@article{penn1987electron,
  title={Electron mean-free-path calculations using a model dielectric function},
  author={Penn, David R},
  journal={Physical Review B},
  volume={35},
  number={2},
  pages={482},
  year={1987},
  publisher={APS}
}
@article{stiepel2005vacuum,
  title={Vacuum ultraviolet photon detector with improved resolution for inverse photoemission spectroscopy},
  author={Stiepel, R and Ostendorf, R and Benesch, C and Zacharias, H},
  journal={Review of scientific instruments},
  volume={76},
  number={6},
  pages={063109},
  year={2005},
  publisher={American Institute of Physics}
}
@online{Conceptual,
    author = {},
    title = {Conceptual Physics},
    year = {},
    note = {\url{http://www.conceptualphysicstoday.com/2011/05/how-gm-tube-operates.html}},
    urldate = {2022-01-03}
}
@book{knoll2010radiation,
  title={Radiation detection and measurement},
  author={Knoll, Glenn F},
  year={2010},
  publisher={John Wiley \& Sons}
}
@article{robinson2012argon,
  title={Argon-assisted growth of epitaxial graphene on Cu (111)},
  author={Robinson, Zachary R and Tyagi, Parul and Mowll, Tyler R and Ventrice Jr, Carl A and Hannon, James B},
  journal={Physical Review B},
  volume={86},
  number={23},
  pages={235413},
  year={2012},
  publisher={APS}
}
@online{CR-150-R5,
    Author = {Cremat},
    title = {CR-150-R5 CSP evaluation board},
    year = {},
    note = {\url{https://www.cremat.com/home/cr-150-r5-csp-evaluation-board/}},
    urldate = {2022-01-03}
}
@online{CR-11X,
    author = {Cremat},
    title = {CR-11X charge sensitive preamplifier modules},
    year = {},
    note = {\url{https://www.cremat.com/home/charge-sensitive-preamplifiers/}},
    urldate = {2022-01-03}
}
@online{CR-160-BOX-R4,
    author = {Cremat},
    title = {CR-160-BOX-R4 housing for eval board},
    year = {},
    note = {\url{https://www.cremat.com/home/cr-160-box-r4-housing-for-evaluation-board/}},
    urldate = {2022-01-03}
}
@online{CR-200-X,
    author = {Cremat},
    title = {CR-200-X shaper modules},
    year = {},
    note = {\url{https://www.cremat.com/home/cr-200-x-shaper-modules/}},
    urldate = {2022-01-03}
}
@article{banik2005optimal,
  title={Optimal operating conditions and characteristics of acetone/ Ca F 2 detector for inverse photoemission spectroscopy},
  author={Banik, S and Shukla, AK and Barman, SR},
  journal={Review of scientific instruments},
  volume={76},
  number={6},
  pages={066102},
  year={2005},
  publisher={American Institute of Physics}
}
@article{lipton2002photon,
  title={Photon detection with n-propanol and C 2 H 6 O isomers},
  author={Lipton-Duffin, JA and Mark, AG and McLean, AB},
  journal={Review of scientific instruments},
  volume={73},
  number={9},
  pages={3149--3153},
  year={2002},
  publisher={American Institute of Physics}
}
@article{maniraj2011high,
  title={High energy resolution bandpass photon detector for inverse photoemission spectroscopy},
  author={Maniraj, M and Dâ€™Souza, SW and Nayak, J and Rai, Abhishek and Singh, Sanjay and Sekhar, BN Raja and Barman, SR},
  journal={Review of Scientific Instruments},
  volume={82},
  number={9},
  pages={093901},
  year={2011},
  publisher={American Institute of Physics}
}